

@article{RefWorks:8,
	author="{Robert G. Cooper}",
	year="{2016}",
	title="{Agile-Stage-Gate Hybrids
The Next Stage for Product Development}",
	journal="{Research-technology Management}",
	pages="{21}"
}
@article{RefWorks:9,
	author="{Robert G. Cooper and Anita F. Sommer}",
	year="{2016}",
	title="{From Experience: The Agile-Stage-Gate Hybrid Model: A Promising New Approach and a New Research Opportunity}",
	journal="{Journal of Product Innovation Management}",
	pages="{513}"
}
@book{RefWorks:12,
	author="{Anders Dahl and Trine Dich and Tina Hansen and Vagn Olsen}",
	year="{2010}",
	title="{Styrk projektarbejdet - en redskabsbog til problemorienteret projektarbejde}",
	publisher="{Biofolia}",
	address="{Gylling}",
	edition="{2nd ed.}",
	isbn="{978-87-91319-50-1}"
}
@book{RefWorks:1,
	author="{Craig Larman}",
	year="{2005}",
	title="{Applying UML and patterns: an introduction to obejct-oriented analysis and design iterative development},
	publisher="{Pearson Education, Inc.}",
	address="{New Jersey, USA}",
	edition="{3rd ed.}"
}
@book{RefWorks:2,
	author="{Søren Lyngsø-Petersen}",
	year="{2005}",
	title="{Projekteringshåndbogen}",
	publisher="{Erhvervskolernes Forlag}",
	address="{Odense, Danmark}",
	edition="{1st ed.}"
}
